@article{Glasser2013BridgingTG,
  title={Bridging the Gap: A Pragmatic Approach to Generating Insider Threat Data},
  author={Joshua Glasser and Brian Lindauer},
  journal={2013 IEEE Security and Privacy Workshops},
  year={2013},
  pages={98-104},
  url={https://api.semanticscholar.org/CorpusID:7645357}
}

@article{Wu2020CurrentTS,
  title={Current Time Series Anomaly Detection Benchmarks are Flawed and are Creating the Illusion of Progress},
  author={Renjie Wu and Eamonn J. Keogh},
  journal={IEEE Transactions on Knowledge and Data Engineering},
  year={2020},
  volume={35},
  pages={2421-2429},
  url={https://api.semanticscholar.org/CorpusID:221995939}
}